<?xml version="1.0" encoding="UTF-8"?><collection xmlns="http://www.loc.gov/MARC21/slim"><record><leader>00398nam--2200145-i-4500</leader><controlfield tag="001">000001114</controlfield><controlfield tag="002">20161230</controlfield><controlfield tag="005">20161230201024</controlfield><controlfield tag="008">060222s1000------------r-----000-0-eng-d</controlfield><datafield ind1=" " ind2=" " tag="080"><subfield code="a">621.375.826:621.382</subfield></datafield><datafield ind1=" " ind2=" " tag="100"><subfield code="a">Gooch, C.H</subfield></datafield><datafield ind1=" " ind2=" " tag="245"><subfield code="a">Injection electroluminescent devices</subfield></datafield><datafield ind1=" " ind2=" " tag="260"><subfield code="a">London, John Wiley &amp; Sons, 1973. X + 198 P</subfield></datafield><datafield ind1=" " ind2=" " tag="490"><subfield code="a">A Wiley - Intersacience Publication</subfield></datafield><datafield ind1=" " ind2=" " tag="852"><subfield code="a">39437</subfield></datafield></record></collection>